<record xmlns='http://www.loc.gov/MARC21/slim'><leader>00627ctmaa22001692a 4500</leader><controlfield tag='001'>6263766</controlfield><controlfield tag='005'>20130613141858.0</controlfield><controlfield tag='008'>851121q16001699xx            000 0 ara d</controlfield><datafield ind1=' ' ind2=' ' tag='040'><subfield code='a'>PUL</subfield><subfield code='c'>PUL</subfield></datafield><datafield ind1=' ' ind2=' ' tag='066'><subfield code='c'>(3</subfield></datafield><datafield ind1='1' ind2=' ' tag='100'><subfield code='a'>Bayḍāwī, ʻAbd Allāh ibn ʻUmar,</subfield><subfield code='d'>-1286?</subfield></datafield><datafield ind1='1' ind2='0' tag='245'><subfield code='a'>Anwār al-tanzīl wa-asrār al-taʼwīl.</subfield></datafield><datafield ind1=' ' ind2=' ' tag='500'><subfield code='a'>ff. 543. 267 x 147; 178 x 80 mm. 33 lin. 1071 H.</subfield></datafield><datafield ind1=' ' ind2=' ' tag='500'><subfield code='a'>Brockelmann, GAL, I, 530; S I, 738.</subfield></datafield><datafield ind1=' ' ind2=' ' tag='500'><subfield code='a'>Incip.: ... الحمد لله الذى انزل الفرقان على عبده</subfield></datafield><datafield ind1='0' ind2='0' tag='630'><subfield code='a'>Qurʼan</subfield><subfield code='v'>Commentaries</subfield><subfield code='v'>Early works to 1800.</subfield></datafield><datafield ind1=' ' ind2='7' tag='655'><subfield code='a'>Manuscripts, Arabic</subfield><subfield code='y'>17th century.</subfield><subfield code='2'>lcsh</subfield></datafield><datafield ind1='8' ind2='0' tag='852'><subfield code='0'>6270142</subfield><subfield code='b'>hsvm</subfield><subfield code='h'>Islamic Manuscripts, Garrett no. 2206Y</subfield></datafield></record>